2190 3246
683 867 1075 952 INTRO
1093 868 1468 952 DUCTI
1490 868 1596 952 O.

386 1111 552 1151 Titulus
589 1110 952 1163 Nabopolassaris
994 1126 1123 1165 quem
1166 1112 1351 1165 primum
1389 1113 1586 1153 tractabo
1624 1113 1835 1153 invenitur
1869 1114 1911 1154 in
1948 1115 2001 1154 H.

276 1200 326 1240 V.
360 1200 672 1239 HILPRECHTH
720 1200 894 1252 egregio
940 1214 1072 1253 opere
1119 1200 1206 1241 Old
1241 1200 1507 1252 Babyloniam
1550 1201 1819 1254 Inscrzptions
1857 1202 2003 1254 clciefly

260 1290 386 1340 from
419 1288 601 1340 Affpm‘,
633 1287 951 1341 Philadelphiae
989 1290 1100 1339 1893,
1132 1303 1231 1342 pars
1262 1289 1289 1337 Ι,
1321 1289 1405 1328 tab.
1438 1299 1487 1339 32
1520 1296 1562 1329 et
1593 1300 1654 1340 33.
1712 1291 1905 1343 Reperta
1936 1298 2001 1332 est

274 1389 385 1415 anno
424 1376 518 1426 1891
555 1383 598 1416 et
627 1383 872 1416 asservatur
903 1391 1015 1417 nunc
1046 1377 1086 1416 in
1117 1377 1406 1419 Universitate
1437 1378 1759 1430 Pennsylvania.

384 1464 466 1504 Hic
509 1464 654 1504 titulus
696 1465 882 1518 pertinet
925 1467 978 1505 ad
1020 1465 1261 1506 aedificium
1302 1465 1797 1515 ETEMENANKL
1840 1474 2000 1507 turrem

274 1553 498 1604 gradatam
529 1553 789 1605 Babylonis,
828 1561 870 1594 et
913 1554 1184 1607 conscriptus
1226 1560 1290 1594 est
1331 1553 1448 1607 typis
1489 1553 1672 1621 antiquis
1713 1555 2000 1608 Babylonicis.

274 1640 438 1680 Summi
470 1641 593 1694 pretii
625 1648 699 1690 est,
731 1643 849 1695 quod
880 1648 922 1682 et
952 1641 1058 1682 ratio
1090 1641 1343 1682 aedificandi
1376 1649 1417 1682 et
1447 1643 1675 1683 nonnullae
1707 1644 2000 1692 caerimoniae,

275 1743 380 1781 quas
412 1743 487 1769 rex
519 1737 561 1770 et
591 1731 676 1770 duo
708 1730 778 1770 filii
810 1731 898 1770 eius
920 1731 1261 1771 Nebucadnezar
1282 1738 1324 1770 et
1345 1731 1659 1771 Nabusumlisir
1689 1739 1902 1785 peragunt
1932 1746 1999 1772 ac—

275 1824 421 1857 curate
456 1818 767 1859 describuntur.
847 1819 1074 1872 Cylindrus
1117 1819 1254 1859 factus
1298 1825 1362 1858 est
1404 1832 1460 1858 ex
1497 1819 1643 1873 argilla
1682 1827 1822 1868 cocta,
1870 1834 1999 1860 cavus

275 1912 350 1954 est,
383 1919 481 1945 cum
514 1921 649 1959 parvo
682 1907 892 1948 foramine
923 1908 963 1947 in
994 1914 1118 1961 parte
1150 1908 1382 1961 superiore,
1414 1907 1534 1948 fusco
1566 1908 1722 1957 colore,
1753 1923 1850 1949 cum
1883 1909 1998 1950 canis

273 1994 460 2034 maculis.
518 1995 667 2036 Verba
697 1996 809 2036 bene
841 2004 1096 2037 conservata
1133 1997 1405 2037 continentur
1441 1996 1575 2037 tribus
1607 1997 1816 2038 columnis
1842 2006 1906 2048 45,
1936 1997 1998 2047 65,

278 2093 327 2134 59
371 2084 586 2124 linearum.
656 2084 789 2124 Aliud
832 2085 1024 2125 eiusdem
1066 2092 1211 2126 textus
1255 2085 1477 2139 exemplar
1517 2085 1585 2126 hic
1624 2085 1706 2126 illic
1748 2085 1999 2132 mutilatum,

273 2174 391 2225 quod
414 2173 575 2213 editum
599 2180 663 2213 est
695 2187 777 2213 una
808 2187 905 2213 cum
937 2173 1267 2226 transcriptione
1299 2180 1341 2214 et
1370 2174 1567 2215 versione
1597 2189 1621 2214 a
1641 2174 1999 2215 STRASSMAIERO

270 2260 310 2299 in
341 2260 419 2300 ΖΑ
441 2262 512 2309 IV,
550 2262 624 2301 106
645 2268 687 2301 et
722 2273 796 2312 129
818 2275 922 2314 sqq„
953 2275 1066 2301 nunc
1093 2269 1335 2302 asservatur
1355 2262 1395 2302 in
1418 2264 1570 2302 Museo
1593 2261 1849 2303 Britannico.
1899 2261 1998 2301 Hoc

271 2347 312 2387 in
344 2348 456 2388 notis
488 2349 619 2389 affero
651 2349 866 2403 signatum
898 2349 1037 2390 littera
1067 2351 1112 2389 B.

379 2435 546 2476 Titulus
596 2438 633 2476 II
681 2437 893 2477 invenitur
943 2438 984 2477 in
1031 2437 1407 2491 Keilsclarffllexlc,
1456 2440 1574 2493 lcrsg.
1623 2454 1702 2479 vem
1743 2439 1876 2479 ABEL
1913 2439 2003 2479 med

271 2525 548 2573 &VINCKLER
589 2539 689 2577 pag.
722 2535 783 2575 32,
825 2525 970 2566 titulus
1001 2527 1058 2565 ΙΙΙ
1099 2526 1259 2566 ibidem
1300 2528 1350 2579 (n.
1383 2528 1429 2580 2).
1497 2528 1690 2568 Eosdem
1731 2526 1875 2566 titulos
1908 2526 1996 2579 jam

270 2611 651 2654 STRASSMAIERL‘S
683 2613 876 2653 ediderat
907 2613 996 2653 sine
1027 2614 1359 2667 transcriptione
1389 2615 1429 2654 in
1449 2616 1526 2656 ΖΑ
1550 2617 1597 2664 H,
1628 2630 1725 2668 pag.
1757 2626 1802 2666 71
1828 2629 1921 2667 sqq.
1953 2621 1996 2655 et

275 2710 359 2751 172.
408 2701 604 2753 Uterque
637 2701 749 2741 bene
782 2708 1062 2742 conservatus
1094 2710 1174 2752 est;
1206 2717 1334 2743 unam
1365 2710 1532 2744 tantum
1564 2704 1760 2744 lacunam
1790 2703 1924 2743 habes
1954 2703 1995 2743 in

269 2788 393 2828 titulo
415 2789 483 2837 III,
517 2789 594 2829 col.
616 2789 665 2837 ΙΙ,
698 2789 763 2829 lin.
799 2801 911 2839 1—4.

378 2876 544 2916 Titulus
566 2877 638 2925 IV,
666 2877 736 2930 qui
767 2884 990 2918 auctorem
1020 2879 1153 2918 habet
1181 2878 1604 2927 Nebucadnezarem,
1636 2878 1789 2932 legitur
1815 2879 1856 2919 in
1884 2879 1995 2920 Keil-

269 2964 540 3015 sclcrifllexte,
572 2966 689 3018 lcrsg.
720 2981 798 3006 von
819 2965 951 3006 ABEL
984 2968 1074 3007 mzd
1090 2967 1367 3015 XVINCKLER,
1399 2982 1496 3020 pag.
1519 2978 1567 3017 33
1591 2981 1685 3019 sqq.
1728 2967 1917 3008 Pertinet
1938 2969 1992 3008 ad

270 3052 626 3093 restaurationem
669 3054 818 3106 templi
857 3054 1082 3107 Sippareni
1126 3054 1392 3102 ECLLA,
1428 3055 1505 3094 sed
1541 3061 1766 3107 praeterea
1803 3055 1995 3095 continet
