2190 3246
177 201 217 240 in
250 199 412 239 ruinam
445 204 489 238 et
520 198 672 237 rudera
701 221 753 225 —

173 276 243 316 illo
275 282 483 328 tempore,
515 281 561 315 ut
593 259 877 322 Etemenanki,
1923 284 1964 314 30

174 352 297 393 turris
326 353 532 405 gradatae
563 351 808 404 Babylonis,

176 444 287 483 quae
317 436 418 469 ante
449 436 637 469 aetatem
669 442 810 468 meam

175 506 406 555 debilitata,
438 506 658 547 confracta
688 512 788 553 erat,

175 584 502 624 fundamentum
532 583 573 623 in
605 589 843 636 conspectu
874 582 1023 622 inferni

176 668 420 716 poneretur,
1924 667 1963 699 35

176 739 390 792 fastigium
423 737 510 779 eius
542 737 708 778 caelum

178 816 477 863 aemularetur,

173 893 368 934 Marduk
397 891 596 932 dominus
628 890 727 930 mihi
760 890 999 930 mandavit:

177 970 341 1018 corbes,
372 967 545 1022 palas&
577 974 619 1008 et
647 1001 653 1007 .
685 1002 692 1008 .
724 1001 730 1008 .

177 1047 320 1094 ebore,
352 1045 468 1098 ligno
501 1046 705 1085 arborum
737 1045 814 1086 1ιέῑῖ
1923 1052 1967 1081 40

177 1131 219 1164 et
250 1119 743 1164 MISMACKANNA

176 1201 342 1243 confeci
373 1207 416 1241 et

174 1278 358 1319 artifices
390 1277 559 1325 multos,

176 1362 383 1397 evocatos
413 1361 552 1394 terrae
584 1368 716 1402 meae,

176 1447 346 1474 sumere
376 1432 486 1472 iussi.
1922 1436 1963 1469 45

213 1543 220 1549 .
252 1543 270 1559 .‚
301 1509 439 1563 parari
465 1508 565 1548 iussi
1924 1506 1994 1542 Gol.
2013 1507 2045 1541 ΙΙ.

175 1587 265 1627 sole
295 1586 480 1627 siccatos
512 1586 677 1633 lateres,

176 1664 371 1706 fabricari

177 1749 327 1784 coctos
359 1741 524 1781 lateres.

178 1819 293 1861 Caeli
324 1818 541 1859 effusionis
571 1818 703 1858 instar
1949 1834 1964 1866 5

173 1896 503 1944 innumerabilis,

174 1973 461 2015 inundationis
491 1973 623 2014 instar

173 2051 440 2092 vehementis

175 2129 369 2169 bitumen
400 2134 442 2168 et
471 2128 547 2181 pix

176 2206 324 2248 canale
355 2206 526 2258 Aragatn
1930 2219 1967 2240 10

174 2283 529 2337 apportabantur.

175 2360 373 2402 Sollertia
404 2360 472 2400 dei
504 2345 581 2409 Ea,

173 2438 402 2493 prudentia
430 2437 498 2477 dei
527 2438 734 2487 Marduk,

173 2515 382 2569 sapientia
413 2516 593 2555 deorum
624 2516 750 2557 Naba

175 2600 218 2634 et
248 2593 424 2641 Nz'salm,
1929 2603 1963 2635 ¹3

175 2670 317 2711 animo
350 2684 449 2711 meo

174 2754 338 2801 aperto,

175 2839 304 2877 quem
335 2826 451 2873 deus,
483 2832 652 2866 creator
683 2839 814 2874 meuS,

179 2993 228 3033 14)
256 2983 310 3026 SI.
323 2974 424 3026 GAL.
