<?xml version="1.0" encoding="UTF-8"?>
<!DOCTYPE html PUBLIC "-//W3C//DTD XHTML 1.0 Transitional//EN"
    "http://www.w3.org/TR/xhtml1/DTD/xhtml1-transitional.dtd">
<html xmlns="http://www.w3.org/1999/xhtml" xml:lang="en" lang="en">
 <head>
  <title>
</title>
<meta http-equiv="Content-Type" content="text/html;charset=utf-8" />
  <meta name='ocr-system' content='tesseract 3.04.00' />
  <meta name='ocr-capabilities' content='ocr_page ocr_carea ocr_par ocr_line ocrx_word'/>
</head>
<body>
  <div class='ocr_page' id='page_1' title='image "./detopographiaurb00mcgeuoft_0033.png"; bbox 0 0 2190 3246; ppageno 0'>
   <div class='ocr_carea' id='block_1_1' title="bbox 907 103 1171 144">
    <p class='ocr_par' dir='ltr' id='par_1_1' title="bbox 907 103 1171 144">
     <span class='ocr_line' id='line_1_1' title="bbox 907 103 1171 144; baseline -0.004 -22"><span class='ocrx_word' id='word_1_1' title='bbox 907 103 1171 144; x_wconf 22' lang='lat'>„270</span> 
     </span>
    </p>
   </div>
   <div class='ocr_carea' id='block_1_2' title="bbox 180 202 1530 2733">
    <p class='ocr_par' dir='ltr' id='par_1_2' title="bbox 181 202 1530 338">
     <span class='ocr_line' id='line_1_2' title="bbox 181 202 1530 261; baseline -0.005 -14"><span class='ocrx_word' id='word_1_2' title='bbox 181 207 408 261; x_wconf 80' lang='lat' dir='ltr'><strong>dupliciter</strong></span> <span class='ocrx_word' id='word_1_3' title='bbox 438 211 571 258; x_wconf 89' lang='lat' dir='ltr'>pater,</span> <span class='ocrx_word' id='word_1_4' title='bbox 602 203 772 257; x_wconf 90' lang='lat' dir='ltr'>genitor</span> <span class='ocrx_word' id='word_1_5' title='bbox 801 217 933 251; x_wconf 78' lang='lat' dir='ltr'>meUS,</span> <span class='ocrx_word' id='word_1_6' title='bbox 965 202 1124 242; x_wconf 89' lang='lat' dir='ltr'>circum</span> <span class='ocrx_word' id='word_1_7' title='bbox 1156 202 1306 241; x_wconf 89' lang='lat' dir='ltr'>urbem</span> <span class='ocrx_word' id='word_1_8' title='bbox 1338 203 1530 249; x_wconf 77' lang='lat' dir='ltr'>duxerat,</span> 
     </span>
     <span class='ocr_line' id='line_1_3' title="bbox 181 279 1009 338; baseline -0.008 -13"><span class='ocrx_word' id='word_1_9' title='bbox 181 298 263 338; x_wconf 92' lang='lat' dir='ltr'>ego</span> <span class='ocrx_word' id='word_1_10' title='bbox 294 283 514 336; x_wconf 89' lang='lat' dir='ltr'>ingentem</span> <span class='ocrx_word' id='word_1_11' title='bbox 545 294 750 334; x_wconf 77' lang='lat' dir='ltr'><strong>aggerem</strong></span> <span class='ocrx_word' id='word_1_12' title='bbox 780 279 1009 333; x_wconf 84' lang='lat' dir='ltr'>tripliciter,</span> 
     </span>
    </p>

    <p class='ocr_par' dir='ltr' id='par_1_3' title="bbox 181 357 966 405">
     <span class='ocr_line' id='line_1_4' title="bbox 181 357 966 405; baseline -0.008 -4"><span class='ocrx_word' id='word_1_13' title='bbox 181 375 264 401; x_wconf 92' lang='lat' dir='ltr'>uno</span> <span class='ocrx_word' id='word_1_14' title='bbox 296 359 489 400; x_wconf 90' lang='lat' dir='ltr'>tabulatu</span> <span class='ocrx_word' id='word_1_15' title='bbox 521 359 575 398; x_wconf 91' lang='lat' dir='ltr'>ad</span> <span class='ocrx_word' id='word_1_16' title='bbox 602 357 782 397; x_wconf 90' lang='lat' dir='ltr'>alterum</span> <span class='ocrx_word' id='word_1_17' title='bbox 808 357 966 405; x_wconf 87' lang='lat' dir='ltr'>addito,</span> 
     </span>
    </p>

    <p class='ocr_par' dir='ltr' id='par_1_4' title="bbox 181 433 1163 479">
     <span class='ocr_line' id='line_1_5' title="bbox 181 433 1163 479; baseline -0.005 -1"><span class='ocrx_word' id='word_1_18' title='bbox 181 453 204 479; x_wconf 91' lang='lat' dir='ltr'>e</span> <span class='ocrx_word' id='word_1_19' title='bbox 234 437 442 478; x_wconf 80' lang='lat' dir='ltr'>bitumine</span> <span class='ocrx_word' id='word_1_20' title='bbox 474 443 516 476; x_wconf 91' lang='lat' dir='ltr'>et</span> <span class='ocrx_word' id='word_1_21' title='bbox 546 436 678 476; x_wconf 86' lang='lat' dir='ltr'>latere</span> <span class='ocrx_word' id='word_1_22' title='bbox 710 441 837 475; x_wconf 91' lang='lat' dir='ltr'>cocto</span> <span class='ocrx_word' id='word_1_23' title='bbox 870 433 1089 474; x_wconf 85' lang='lat' dir='ltr'>aedificavi</span> <span class='ocrx_word' id='word_1_24' title='bbox 1122 440 1163 473; x_wconf 91' lang='lat' dir='ltr'>et</span> 
     </span>
    </p>

    <p class='ocr_par' dir='ltr' id='par_1_5' title="bbox 180 509 1472 724">
     <span class='ocr_line' id='line_1_6' title="bbox 180 509 1472 568; baseline -0.006 -12"><span class='ocrx_word' id='word_1_25' title='bbox 180 530 278 557; x_wconf 91' lang='lat' dir='ltr'>cum</span> <span class='ocrx_word' id='word_1_26' title='bbox 309 514 596 568; x_wconf 78' lang='lat' dir='ltr'>aggeratione,</span> <span class='ocrx_word' id='word_1_27' title='bbox 627 526 757 565; x_wconf 89' lang='lat' dir='ltr'>quam</span> <span class='ocrx_word' id='word_1_28' title='bbox 788 518 911 565; x_wconf 90' lang='lat' dir='ltr'>pater</span> <span class='ocrx_word' id='word_1_29' title='bbox 940 525 1061 551; x_wconf 89' lang='lat' dir='ltr'>meus</span> <span class='ocrx_word' id='word_1_30' title='bbox 1091 516 1316 557; x_wconf 79' lang='lat' dir='ltr'>struxerat,</span> <span class='ocrx_word' id='word_1_31' title='bbox 1346 509 1472 554; x_wconf 76' lang='lat' dir='ltr'>iunxi,</span> 
     </span>
     <span class='ocr_line' id='line_1_7' title="bbox 180 587 1311 643; baseline -0.006 -10"><span class='ocrx_word' id='word_1_32' title='bbox 180 593 507 633; x_wconf 88' lang='lat' dir='ltr'>fundamentum</span> <span class='ocrx_word' id='word_1_33' title='bbox 539 591 626 631; x_wconf 91' lang='lat' dir='ltr'>eius</span> <span class='ocrx_word' id='word_1_34' title='bbox 657 589 782 643; x_wconf 87' lang='lat' dir='ltr'>posui</span> <span class='ocrx_word' id='word_1_35' title='bbox 812 589 851 629; x_wconf 92' lang='lat' dir='ltr'>in</span> <span class='ocrx_word' id='word_1_36' title='bbox 883 595 1062 642; x_wconf 87' lang='lat' dir='ltr'>pectore</span> <span class='ocrx_word' id='word_1_37' title='bbox 1090 587 1238 628; x_wconf 89' lang='lat' dir='ltr'>inferni</span> <span class='ocrx_word' id='word_1_38' title='bbox 1268 593 1311 626; x_wconf 92' lang='lat' dir='ltr'>et</span> 
     </span>
     <span class='ocr_line' id='line_1_8' title="bbox 182 666 1032 724; baseline -0.007 -13"><span class='ocrx_word' id='word_1_39' title='bbox 182 670 394 724; x_wconf 77' lang='lat' dir='ltr'>fastigium</span> <span class='ocrx_word' id='word_1_40' title='bbox 426 669 583 709; x_wconf 87' lang='lat' dir='ltr'>montis</span> <span class='ocrx_word' id='word_1_41' title='bbox 613 668 746 707; x_wconf 86' lang='lat' dir='ltr'>instar</span> <span class='ocrx_word' id='word_1_42' title='bbox 776 666 948 706; x_wconf 86' lang='lat' dir='ltr'>elevavi.</span> <span class='ocrx_word' id='word_1_43' title='bbox 980 691 1032 695; x_wconf 82' lang='lat'><strong>—</strong></span> 
     </span>
    </p>

    <p class='ocr_par' dir='ltr' id='par_1_6' title="bbox 183 744 1149 789">
     <span class='ocr_line' id='line_1_9' title="bbox 183 744 1149 789; baseline -0.006 -1"><span class='ocrx_word' id='word_1_44' title='bbox 183 748 356 789; x_wconf 88' lang='lat' dir='ltr'>Vallum</span> <span class='ocrx_word' id='word_1_45' title='bbox 381 746 523 787; x_wconf 86' lang='lat' dir='ltr'>lateris</span> <span class='ocrx_word' id='word_1_46' title='bbox 555 745 667 786; x_wconf 93' lang='lat' dir='ltr'>cocti</span> <span class='ocrx_word' id='word_1_47' title='bbox 698 744 970 785; x_wconf 89' lang='lat' dir='ltr'>occidentem</span> <span class='ocrx_word' id='word_1_48' title='bbox 1000 757 1149 783; x_wconf 85' lang='lat' dir='ltr'>versus</span> 
     </span>
    </p>

    <p class='ocr_par' dir='ltr' id='par_1_7' title="bbox 183 821 1037 874">
     <span class='ocr_line' id='line_1_10' title="bbox 183 821 1037 874; baseline -0.008 -8"><span class='ocrx_word' id='word_1_49' title='bbox 183 825 286 866; x_wconf 82' lang='lat' dir='ltr'>duxi</span> <span class='ocrx_word' id='word_1_50' title='bbox 318 825 476 865; x_wconf 91' lang='lat' dir='ltr'>circum</span> <span class='ocrx_word' id='word_1_51' title='bbox 509 837 677 863; x_wconf 88' lang='lat' dir='ltr'>murum</span> <span class='ocrx_word' id='word_1_52' title='bbox 708 821 955 874; x_wconf 78' lang='lat' dir='ltr'>Babylonis</span> <span class='ocrx_word' id='word_1_53' title='bbox 985 844 1037 850; x_wconf 90' lang='lat'>—</span> 
     </span>
    </p>

    <p class='ocr_par' dir='ltr' id='par_1_8' title="bbox 183 898 1214 956">
     <span class='ocr_line' id='line_1_11' title="bbox 183 898 1214 956; baseline -0.007 -13"><span class='ocrx_word' id='word_1_54' title='bbox 183 903 407 956; x_wconf 88' lang='lat' dir='ltr'>Aggerem</span> <span class='ocrx_word' id='word_1_55' title='bbox 440 901 597 942; x_wconf 89' lang='lat' dir='ltr'>canalis</span> <span class='ocrx_word' id='word_1_56' title='bbox 626 900 799 952; x_wconf 74' lang='grc' dir='ltr'>Αναζιίπ</span> <span class='ocrx_word' id='word_1_57' title='bbox 829 898 1038 939; x_wconf 87' lang='lat' dir='ltr'>orientem</span> <span class='ocrx_word' id='word_1_58' title='bbox 1066 912 1214 938; x_wconf 92' lang='lat' dir='ltr'>versus</span> 
     </span>
    </p>

    <p class='ocr_par' dir='ltr' id='par_1_9' title="bbox 184 975 1392 1033">
     <span class='ocr_line' id='line_1_12' title="bbox 184 975 1392 1033; baseline -0.004 -14"><span class='ocrx_word' id='word_1_59' title='bbox 184 994 239 1020; x_wconf 82' lang='lat' dir='ltr'>ex</span> <span class='ocrx_word' id='word_1_60' title='bbox 269 985 397 1033; x_wconf 87' lang='lat' dir='ltr'>porta</span> <span class='ocrx_word' id='word_1_61' title='bbox 427 979 534 1018; x_wconf 88' lang='lat' dir='ltr'>deae</span> <span class='ocrx_word' id='word_1_62' title='bbox 566 977 684 1018; x_wconf 59' lang='lat' dir='ltr'>Is&#39;tcir</span> <span class='ocrx_word' id='word_1_63' title='bbox 712 990 849 1029; x_wconf 87' lang='lat' dir='ltr'>usque</span> <span class='ocrx_word' id='word_1_64' title='bbox 880 976 933 1015; x_wconf 87' lang='lat' dir='ltr'>ad</span> <span class='ocrx_word' id='word_1_65' title='bbox 965 982 1138 1028; x_wconf 87' lang='lat' dir='ltr'>portam</span> <span class='ocrx_word' id='word_1_66' title='bbox 1170 975 1237 1015; x_wconf 91' lang='lat' dir='ltr'>dei</span> <span class='ocrx_word' id='word_1_67' title='bbox 1276 975 1392 1016; x_wconf 59' lang='lat' dir='ltr'>Ura}</span> 
     </span>
    </p>

    <p class='ocr_par' dir='ltr' id='par_1_10' title="bbox 185 1055 843 1096">
     <span class='ocr_line' id='line_1_13' title="bbox 185 1055 843 1096; baseline -0.003 0"><span class='ocrx_word' id='word_1_68' title='bbox 185 1071 207 1096; x_wconf 93' lang='lat' dir='ltr'>e</span> <span class='ocrx_word' id='word_1_69' title='bbox 238 1056 446 1096; x_wconf 88' lang='lat' dir='ltr'>bitumine</span> <span class='ocrx_word' id='word_1_70' title='bbox 478 1062 520 1096; x_wconf 92' lang='lat' dir='ltr'>et</span> <span class='ocrx_word' id='word_1_71' title='bbox 551 1055 684 1095; x_wconf 90' lang='lat' dir='ltr'>latere</span> <span class='ocrx_word' id='word_1_72' title='bbox 716 1061 843 1095; x_wconf 91' lang='lat' dir='ltr'>cocto</span> 
     </span>
    </p>

    <p class='ocr_par' dir='ltr' id='par_1_11' title="bbox 183 1130 1099 1187">
     <span class='ocr_line' id='line_1_14' title="bbox 183 1130 1099 1187; baseline -0.005 -13"><span class='ocrx_word' id='word_1_73' title='bbox 183 1140 316 1187; x_wconf 84' lang='lat' dir='ltr'>pater,</span> <span class='ocrx_word' id='word_1_74' title='bbox 349 1133 519 1186; x_wconf 87' lang='lat' dir='ltr'>genitor</span> <span class='ocrx_word' id='word_1_75' title='bbox 549 1147 680 1181; x_wconf 89' lang='lat' dir='ltr'>meus,</span> <span class='ocrx_word' id='word_1_76' title='bbox 713 1138 938 1179; x_wconf 80' lang='lat' dir='ltr'>struxerat,</span> <span class='ocrx_word' id='word_1_77' title='bbox 971 1130 1099 1170; x_wconf 86' lang='lat' dir='ltr'>etiam</span> 
     </span>
    </p>

    <p class='ocr_par' dir='ltr' id='par_1_12' title="bbox 184 1207 1315 1335">
     <span class='ocr_line' id='line_1_15' title="bbox 187 1207 1315 1261; baseline -0.005 -9"><span class='ocrx_word' id='word_1_78' title='bbox 187 1211 342 1252; x_wconf 63' lang='lat' dir='ltr'>maletis</span> <span class='ocrx_word' id='word_1_79' title='bbox 368 1210 510 1251; x_wconf 85' lang='lat' dir='ltr'>lateris</span> <span class='ocrx_word' id='word_1_80' title='bbox 543 1210 655 1251; x_wconf 90' lang='lat' dir='ltr'>cocti</span> <span class='ocrx_word' id='word_1_81' title='bbox 688 1209 890 1250; x_wconf 85' lang='lat' dir='ltr'>transitus</span> <span class='ocrx_word' id='word_1_82' title='bbox 920 1207 1153 1261; x_wconf 87' lang='lat' dir='ltr'>Euphratis</span> <span class='ocrx_word' id='word_1_83' title='bbox 1186 1221 1315 1247; x_wconf 88' lang='lat' dir='ltr'>causa</span> 
     </span>
     <span class='ocr_line' id='line_1_16' title="bbox 184 1288 442 1335; baseline -0.008 -5"><span class='ocrx_word' id='word_1_84' title='bbox 184 1288 442 1335; x_wconf 85' lang='lat' dir='ltr'>confecerat,</span> 
     </span>
    </p>

    <p class='ocr_par' dir='ltr' id='par_1_13' title="bbox 183 1364 1003 1418">
     <span class='ocr_line' id='line_1_17' title="bbox 183 1364 1003 1418; baseline -0.004 -12"><span class='ocrx_word' id='word_1_85' title='bbox 183 1367 261 1406; x_wconf 90' lang='lat' dir='ltr'>sed</span> <span class='ocrx_word' id='word_1_86' title='bbox 292 1379 377 1406; x_wconf 91' lang='lat' dir='ltr'>non</span> <span class='ocrx_word' id='word_1_87' title='bbox 410 1365 705 1418; x_wconf 89' lang='lat' dir='ltr'>compleverat</span> <span class='ocrx_word' id='word_1_88' title='bbox 736 1364 919 1417; x_wconf 85' lang='lat' dir='ltr'>reliquas</span> <span class='ocrx_word' id='word_1_89' title='bbox 951 1390 1003 1393; x_wconf 86' lang='lat'>—</span> 
     </span>
    </p>

    <p class='ocr_par' dir='ltr' id='par_1_14' title="bbox 184 1440 1250 1573">
     <span class='ocr_line' id='line_1_18' title="bbox 185 1440 1250 1496; baseline -0.004 -13"><span class='ocrx_word' id='word_1_90' title='bbox 185 1457 277 1496; x_wconf 91' lang='lat' dir='ltr'>ego,</span> <span class='ocrx_word' id='word_1_91' title='bbox 307 1442 395 1482; x_wconf 90' lang='lat' dir='ltr'>eius</span> <span class='ocrx_word' id='word_1_92' title='bbox 426 1441 749 1496; x_wconf 88' lang='lat' dir='ltr'>primogenitus,</span> <span class='ocrx_word' id='word_1_93' title='bbox 780 1448 947 1481; x_wconf 89' lang='lat' dir='ltr'>amatus</span> <span class='ocrx_word' id='word_1_94' title='bbox 979 1440 1119 1481; x_wconf 89' lang='lat' dir='ltr'>cordis</span> <span class='ocrx_word' id='word_1_95' title='bbox 1152 1440 1250 1487; x_wconf 86' lang='lat' dir='ltr'>eius,</span> 
     </span>
     <span class='ocr_line' id='line_1_19' title="bbox 184 1519 776 1573; baseline -0.002 -13"><span class='ocrx_word' id='word_1_96' title='bbox 184 1534 388 1573; x_wconf 87' lang='lat' dir='ltr'>aggerem</span> <span class='ocrx_word' id='word_1_97' title='bbox 421 1519 578 1560; x_wconf 85' lang='lat' dir='ltr'>canalis</span> <span class='ocrx_word' id='word_1_98' title='bbox 606 1519 776 1571; x_wconf 67' lang='grc' dir='ltr'>Αναζιΐῖι</span> 
     </span>
    </p>

    <p class='ocr_par' dir='ltr' id='par_1_15' title="bbox 184 1596 1172 1637">
     <span class='ocr_line' id='line_1_20' title="bbox 184 1596 1172 1637; baseline -0.001 -1"><span class='ocrx_word' id='word_1_99' title='bbox 184 1612 207 1637; x_wconf 91' lang='lat' dir='ltr'>e</span> <span class='ocrx_word' id='word_1_100' title='bbox 238 1596 446 1637; x_wconf 87' lang='lat' dir='ltr'>bitumine</span> <span class='ocrx_word' id='word_1_101' title='bbox 478 1603 521 1636; x_wconf 92' lang='lat' dir='ltr'>et</span> <span class='ocrx_word' id='word_1_102' title='bbox 550 1596 683 1637; x_wconf 87' lang='lat' dir='ltr'>latere</span> <span class='ocrx_word' id='word_1_103' title='bbox 716 1604 843 1637; x_wconf 90' lang='lat' dir='ltr'>cocto</span> <span class='ocrx_word' id='word_1_104' title='bbox 875 1596 1097 1636; x_wconf 86' lang='lat' dir='ltr'>aedificavi</span> <span class='ocrx_word' id='word_1_105' title='bbox 1131 1602 1172 1636; x_wconf 91' lang='lat' dir='ltr'>et</span> 
     </span>
    </p>

    <p class='ocr_par' dir='ltr' id='par_1_16' title="bbox 182 1673 1409 1960">
     <span class='ocr_line' id='line_1_21' title="bbox 184 1673 1409 1727; baseline -0.002 -13"><span class='ocrx_word' id='word_1_106' title='bbox 184 1689 268 1714; x_wconf 89' lang='lat' dir='ltr'>una</span> <span class='ocrx_word' id='word_1_107' title='bbox 298 1688 395 1714; x_wconf 86' lang='lat' dir='ltr'>cum</span> <span class='ocrx_word' id='word_1_108' title='bbox 427 1687 586 1727; x_wconf 86' lang='lat' dir='ltr'>aggere</span> <span class='ocrx_word' id='word_1_109' title='bbox 617 1688 641 1713; x_wconf 89' lang='lat' dir='ltr'>a</span> <span class='ocrx_word' id='word_1_110' title='bbox 671 1680 794 1727; x_wconf 88' lang='lat' dir='ltr'>patre</span> <span class='ocrx_word' id='word_1_111' title='bbox 826 1687 923 1713; x_wconf 91' lang='lat' dir='ltr'>meo</span> <span class='ocrx_word' id='word_1_112' title='bbox 955 1680 1120 1714; x_wconf 89' lang='lat' dir='ltr'>structo</span> <span class='ocrx_word' id='word_1_113' title='bbox 1156 1673 1330 1713; x_wconf 88' lang='lat' dir='ltr'>firmavi.</span> <span class='ocrx_word' id='word_1_114' title='bbox 1362 1697 1409 1700; x_wconf 97' lang='lat'><strong>—</strong></span> 
     </span>
     <span class='ocr_line' id='line_1_22' title="bbox 182 1737 1307 1805; baseline -0.003 -12"><span class='ocrx_word' id='word_1_115' title='bbox 182 1753 243 1794; x_wconf 90' lang='lat' dir='ltr'>Ut</span> <span class='ocrx_word' id='word_1_116' title='bbox 273 1752 385 1792; x_wconf 91' lang='lat' dir='ltr'>bene</span> <span class='ocrx_word' id='word_1_117' title='bbox 417 1751 633 1792; x_wconf 88' lang='lat' dir='ltr'>custodita</span> <span class='ocrx_word' id='word_1_118' title='bbox 664 1758 779 1791; x_wconf 90' lang='lat' dir='ltr'>esset</span> <span class='ocrx_word' id='word_1_119' title='bbox 808 1737 993 1805; x_wconf 65' lang='lat' dir='ltr'>Esagilcz</span> <span class='ocrx_word' id='word_1_120' title='bbox 1025 1758 1067 1791; x_wconf 89' lang='lat' dir='ltr'>et</span> <span class='ocrx_word' id='word_1_121' title='bbox 1097 1750 1307 1798; x_wconf 64' lang='lat' dir='ltr'>Bcibilam,</span> 
     </span>
     <span class='ocr_line' id='line_1_23' title="bbox 183 1828 1245 1882; baseline -0.002 -13"><span class='ocrx_word' id='word_1_122' title='bbox 183 1829 367 1870; x_wconf 89' lang='lat' dir='ltr'>incursio</span> <span class='ocrx_word' id='word_1_123' title='bbox 399 1828 590 1882; x_wconf 86' lang='lat' dir='ltr'>subita(?)</span> <span class='ocrx_word' id='word_1_124' title='bbox 622 1843 675 1869; x_wconf 91' lang='lat' dir='ltr'>ne</span> <span class='ocrx_word' id='word_1_125' title='bbox 706 1828 828 1868; x_wconf 87' lang='lat' dir='ltr'>fieret</span> <span class='ocrx_word' id='word_1_126' title='bbox 858 1843 936 1882; x_wconf 91' lang='lat' dir='ltr'>per</span> <span class='ocrx_word' id='word_1_127' title='bbox 965 1828 1245 1882; x_wconf 87' lang='lat' dir='ltr'>Euphratem,</span> 
     </span>
     <span class='ocr_line' id='line_1_24' title="bbox 184 1906 920 1960; baseline -0.004 -12"><span class='ocrx_word' id='word_1_128' title='bbox 184 1906 409 1948; x_wconf 88' lang='lat' dir='ltr'>castellum</span> <span class='ocrx_word' id='word_1_129' title='bbox 441 1920 646 1960; x_wconf 88' lang='lat' dir='ltr'>magnum</span> <span class='ocrx_word' id='word_1_130' title='bbox 675 1906 716 1946; x_wconf 90' lang='lat' dir='ltr'>in</span> <span class='ocrx_word' id='word_1_131' title='bbox 747 1906 920 1946; x_wconf 86' lang='lat' dir='ltr'>flumine</span> 
     </span>
    </p>

    <p class='ocr_par' dir='ltr' id='par_1_17' title="bbox 185 1983 1304 2114">
     <span class='ocr_line' id='line_1_25' title="bbox 189 1983 1304 2031; baseline -0.002 -7"><span class='ocrx_word' id='word_1_132' title='bbox 189 2000 211 2024; x_wconf 91' lang='lat' dir='ltr'>e</span> <span class='ocrx_word' id='word_1_133' title='bbox 242 1984 450 2024; x_wconf 89' lang='lat' dir='ltr'>bitumine</span> <span class='ocrx_word' id='word_1_134' title='bbox 482 1991 525 2024; x_wconf 93' lang='lat' dir='ltr'>et</span> <span class='ocrx_word' id='word_1_135' title='bbox 551 1984 683 2024; x_wconf 88' lang='lat' dir='ltr'>latere</span> <span class='ocrx_word' id='word_1_136' title='bbox 716 1990 842 2024; x_wconf 91' lang='lat' dir='ltr'>cocto</span> <span class='ocrx_word' id='word_1_137' title='bbox 876 1983 1118 2023; x_wconf 89' lang='lat' dir='ltr'>faciendum</span> <span class='ocrx_word' id='word_1_138' title='bbox 1152 1983 1304 2031; x_wconf 79' lang='lat' dir='ltr'>curavi,</span> 
     </span>
     <span class='ocr_line' id='line_1_26' title="bbox 185 2061 1051 2114; baseline -0.001 -13"><span class='ocrx_word' id='word_1_139' title='bbox 185 2062 512 2102; x_wconf 90' lang='lat' dir='ltr'>fundamentum</span> <span class='ocrx_word' id='word_1_140' title='bbox 545 2061 632 2101; x_wconf 89' lang='lat' dir='ltr'>eius</span> <span class='ocrx_word' id='word_1_141' title='bbox 663 2061 788 2114; x_wconf 90' lang='lat' dir='ltr'>posui</span> <span class='ocrx_word' id='word_1_142' title='bbox 818 2061 859 2100; x_wconf 89' lang='lat' dir='ltr'>in</span> <span class='ocrx_word' id='word_1_143' title='bbox 887 2075 1051 2101; x_wconf 89' lang='lat' dir='ltr'>oceano</span> 
     </span>
    </p>

    <p class='ocr_par' dir='ltr' id='par_1_18' title="bbox 190 2138 1117 2192">
     <span class='ocr_line' id='line_1_27' title="bbox 190 2138 1117 2192; baseline 0 -14"><span class='ocrx_word' id='word_1_144' title='bbox 190 2146 232 2179; x_wconf 90' lang='lat' dir='ltr'>et</span> <span class='ocrx_word' id='word_1_145' title='bbox 263 2138 478 2192; x_wconf 88' lang='lat' dir='ltr'>fastigium</span> <span class='ocrx_word' id='word_1_146' title='bbox 510 2138 668 2178; x_wconf 88' lang='lat' dir='ltr'>montis</span> <span class='ocrx_word' id='word_1_147' title='bbox 698 2138 830 2178; x_wconf 90' lang='lat' dir='ltr'>instar</span> <span class='ocrx_word' id='word_1_148' title='bbox 862 2138 1034 2178; x_wconf 83' lang='lat' dir='ltr'>elevavi.</span> <span class='ocrx_word' id='word_1_149' title='bbox 1065 2164 1117 2168; x_wconf 91' lang='lat'>——</span> 
     </span>
    </p>

    <p class='ocr_par' dir='ltr' id='par_1_19' title="bbox 186 2215 1089 2269">
     <span class='ocr_line' id='line_1_28' title="bbox 186 2215 1089 2269; baseline 0.001 -14"><span class='ocrx_word' id='word_1_150' title='bbox 186 2216 317 2269; x_wconf 77' lang='lat' dir='ltr'>Quod</span> <span class='ocrx_word' id='word_1_151' title='bbox 349 2215 487 2256; x_wconf 88' lang='lat' dir='ltr'>nullus</span> <span class='ocrx_word' id='word_1_152' title='bbox 519 2217 781 2256; x_wconf 86' lang='lat' dir='ltr'>antecedens</span> <span class='ocrx_word' id='word_1_153' title='bbox 811 2230 887 2255; x_wconf 78' lang='lat' dir='ltr'>rex</span> <span class='ocrx_word' id='word_1_154' title='bbox 919 2215 1089 2263; x_wconf 84' lang='lat' dir='ltr'>fecerat,</span> 
     </span>
    </p>

    <p class='ocr_par' dir='ltr' id='par_1_20' title="bbox 184 2293 1509 2501">
     <span class='ocr_line' id='line_1_29' title="bbox 185 2293 1338 2346; baseline -0.002 -13"><span class='ocrx_word' id='word_1_155' title='bbox 185 2293 325 2346; x_wconf 87' lang='lat' dir='ltr'>spatio</span> <span class='ocrx_word' id='word_1_156' title='bbox 355 2304 465 2344; x_wconf 82' lang='lat'>4000</span> <span class='ocrx_word' id='word_1_157' title='bbox 495 2293 689 2333; x_wconf 87' lang='lat' dir='ltr'>ulnarum</span> <span class='ocrx_word' id='word_1_158' title='bbox 720 2293 955 2342; x_wconf 90' lang='lat' dir='ltr'>interiecto,</span> <span class='ocrx_word' id='word_1_159' title='bbox 987 2295 1040 2333; x_wconf 90' lang='lat' dir='ltr'>ad</span> <span class='ocrx_word' id='word_1_160' title='bbox 1071 2293 1180 2333; x_wconf 88' lang='lat' dir='ltr'>latus</span> <span class='ocrx_word' id='word_1_161' title='bbox 1212 2293 1338 2340; x_wconf 89' lang='lat' dir='ltr'>urbis,</span> 
     </span>
     <span class='ocr_line' id='line_1_30' title="bbox 185 2370 1509 2424; baseline -0.001 -14"><span class='ocrx_word' id='word_1_162' title='bbox 185 2370 349 2424; x_wconf 88' lang='lat' dir='ltr'>procul,</span> <span class='ocrx_word' id='word_1_163' title='bbox 381 2370 438 2410; x_wconf 90' lang='lat' dir='ltr'>ita</span> <span class='ocrx_word' id='word_1_164' title='bbox 469 2377 515 2410; x_wconf 89' lang='lat' dir='ltr'>ut</span> <span class='ocrx_word' id='word_1_165' title='bbox 545 2370 910 2423; x_wconf 86' lang='lat' dir='ltr'>appropinquatio</span> <span class='ocrx_word' id='word_1_166' title='bbox 942 2370 1218 2424; x_wconf 86' lang='lat' dir='ltr'>impossibilis</span> <span class='ocrx_word' id='word_1_167' title='bbox 1249 2371 1509 2417; x_wconf 84' lang='lat' dir='ltr'>redderetur,</span> 
     </span>
     <span class='ocr_line' id='line_1_31' title="bbox 184 2447 1027 2501; baseline 0 -14"><span class='ocrx_word' id='word_1_168' title='bbox 184 2448 406 2501; x_wconf 86' lang='lat' dir='ltr'>ingentem</span> <span class='ocrx_word' id='word_1_169' title='bbox 438 2461 606 2487; x_wconf 90' lang='lat' dir='ltr'>murum</span> <span class='ocrx_word' id='word_1_170' title='bbox 639 2447 848 2487; x_wconf 90' lang='lat' dir='ltr'>orientem</span> <span class='ocrx_word' id='word_1_171' title='bbox 879 2462 1027 2488; x_wconf 89' lang='lat' dir='ltr'>versus</span> 
     </span>
    </p>

    <p class='ocr_par' dir='ltr' id='par_1_21' title="bbox 185 2525 794 2577">
     <span class='ocr_line' id='line_1_32' title="bbox 185 2525 794 2577; baseline -0.002 -12"><span class='ocrx_word' id='word_1_172' title='bbox 185 2525 346 2565; x_wconf 88' lang='lat' dir='ltr'>circum</span> <span class='ocrx_word' id='word_1_173' title='bbox 377 2525 649 2577; x_wconf 86' lang='lat' dir='ltr'>Babylonem</span> <span class='ocrx_word' id='word_1_174' title='bbox 681 2525 794 2573; x_wconf 81' lang='lat' dir='ltr'>duxi,</span> 
     </span>
    </p>

    <p class='ocr_par' dir='ltr' id='par_1_22' title="bbox 184 2602 1469 2733">
     <span class='ocr_line' id='line_1_33' title="bbox 184 2602 1469 2655; baseline 0 -13"><span class='ocrx_word' id='word_1_175' title='bbox 184 2602 346 2643; x_wconf 89' lang='lat' dir='ltr'>fossam</span> <span class='ocrx_word' id='word_1_176' title='bbox 379 2602 467 2642; x_wconf 87' lang='lat' dir='ltr'>eius</span> <span class='ocrx_word' id='word_1_177' title='bbox 499 2602 586 2642; x_wconf 90' lang='lat' dir='ltr'>fodi</span> <span class='ocrx_word' id='word_1_178' title='bbox 618 2609 660 2642; x_wconf 91' lang='lat' dir='ltr'>et</span> <span class='ocrx_word' id='word_1_179' title='bbox 691 2609 914 2643; x_wconf 89' lang='lat' dir='ltr'>assecutus</span> <span class='ocrx_word' id='word_1_180' title='bbox 947 2617 1043 2643; x_wconf 88' lang='lat' dir='ltr'>sum</span> <span class='ocrx_word' id='word_1_181' title='bbox 1075 2602 1290 2655; x_wconf 86' lang='lat' dir='ltr'>profunda</span> <span class='ocrx_word' id='word_1_182' title='bbox 1320 2616 1469 2655; x_wconf 86' lang='lat' dir='ltr'>aquae,</span> 
     </span>
     <span class='ocr_line' id='line_1_34' title="bbox 193 2679 1410 2733; baseline 0.001 -14"><span class='ocrx_word' id='word_1_183' title='bbox 193 2679 458 2733; x_wconf 88' lang='lat' dir='ltr'>crepidinem</span> <span class='ocrx_word' id='word_1_184' title='bbox 489 2679 710 2720; x_wconf 82' lang='lat' dir='ltr'>aedificavi</span> <span class='ocrx_word' id='word_1_185' title='bbox 743 2694 765 2719; x_wconf 93' lang='lat' dir='ltr'>e</span> <span class='ocrx_word' id='word_1_186' title='bbox 796 2679 1004 2720; x_wconf 88' lang='lat' dir='ltr'>bitumine</span> <span class='ocrx_word' id='word_1_187' title='bbox 1035 2686 1078 2719; x_wconf 91' lang='lat' dir='ltr'>et</span> <span class='ocrx_word' id='word_1_188' title='bbox 1108 2679 1240 2720; x_wconf 87' lang='lat' dir='ltr'>latere</span> <span class='ocrx_word' id='word_1_189' title='bbox 1272 2687 1410 2728; x_wconf 89' lang='lat' dir='ltr'>cocto,</span> 
     </span>
    </p>
   </div>
   <div class='ocr_carea' id='block_1_3' title="bbox 185 2756 1562 2810">
    <p class='ocr_par' dir='ltr' id='par_1_23' title="bbox 185 2756 1562 2810">
     <span class='ocr_line' id='line_1_35' title="bbox 185 2756 1562 2810; baseline -0.001 -13"><span class='ocrx_word' id='word_1_190' title='bbox 185 2763 228 2797; x_wconf 90' lang='lat' dir='ltr'>et</span> <span class='ocrx_word' id='word_1_191' title='bbox 259 2771 357 2797; x_wconf 91' lang='lat' dir='ltr'>cum</span> <span class='ocrx_word' id='word_1_192' title='bbox 387 2757 665 2810; x_wconf 86' lang='lat' dir='ltr'>aggeratione</span> <span class='ocrx_word' id='word_1_193' title='bbox 697 2758 894 2809; x_wconf 84' lang='lat' dir='ltr'>quadam,</span> <span class='ocrx_word' id='word_1_194' title='bbox 928 2771 1057 2809; x_wconf 89' lang='lat' dir='ltr'>quam</span> <span class='ocrx_word' id='word_1_195' title='bbox 1089 2764 1213 2810; x_wconf 88' lang='lat' dir='ltr'>pater</span> <span class='ocrx_word' id='word_1_196' title='bbox 1243 2771 1363 2797; x_wconf 72' lang='lat' dir='ltr'>meus</span> <span class='ocrx_word' id='word_1_197' title='bbox 1394 2756 1562 2802; x_wconf 85' lang='lat' dir='ltr'>fecerat,</span> 
     </span>
    </p>
   </div>
   <div class='ocr_carea' id='block_1_4' title="bbox 185 2833 1262 2887">
    <p class='ocr_par' dir='ltr' id='par_1_24' title="bbox 185 2833 1262 2887">
     <span class='ocr_line' id='line_1_36' title="bbox 185 2833 1262 2887; baseline 0 -13"><span class='ocrx_word' id='word_1_198' title='bbox 185 2833 404 2887; x_wconf 90' lang='lat' dir='ltr'>ingentem</span> <span class='ocrx_word' id='word_1_199' title='bbox 434 2848 629 2874; x_wconf 88' lang='lat' dir='ltr'>murume</span> <span class='ocrx_word' id='word_1_200' title='bbox 660 2834 867 2874; x_wconf 90' lang='lat' dir='ltr'>bitumine</span> <span class='ocrx_word' id='word_1_201' title='bbox 899 2841 941 2874; x_wconf 91' lang='lat' dir='ltr'>et</span> <span class='ocrx_word' id='word_1_202' title='bbox 972 2834 1103 2874; x_wconf 84' lang='lat' dir='ltr'>latere</span> <span class='ocrx_word' id='word_1_203' title='bbox 1136 2841 1262 2874; x_wconf 91' lang='lat' dir='ltr'>cocto</span> 
     </span>
    </p>
   </div>
   <div class='ocr_carea' id='block_1_5' title="bbox 185 2910 1163 2966">
    <p class='ocr_par' dir='ltr' id='par_1_25' title="bbox 185 2910 1163 2966">
     <span class='ocr_line' id='line_1_37' title="bbox 185 2910 1163 2966; baseline 0 -16"><span class='ocrx_word' id='word_1_204' title='bbox 185 2910 407 2951; x_wconf 87' lang='lat' dir='ltr'>aedificavi</span> <span class='ocrx_word' id='word_1_205' title='bbox 439 2912 597 2952; x_wconf 86' lang='lat' dir='ltr'>montis</span> <span class='ocrx_word' id='word_1_206' title='bbox 628 2912 759 2952; x_wconf 88' lang='lat' dir='ltr'>instar</span> <span class='ocrx_word' id='word_1_207' title='bbox 789 2912 829 2952; x_wconf 90' lang='lat' dir='ltr'>in</span> <span class='ocrx_word' id='word_1_208' title='bbox 861 2912 949 2952; x_wconf 88' lang='lat' dir='ltr'>eius</span> <span class='ocrx_word' id='word_1_209' title='bbox 982 2912 1081 2966; x_wconf 86' lang='lat' dir='ltr'>ripa.</span> <span class='ocrx_word' id='word_1_210' title='bbox 1116 2936 1163 2940; x_wconf 40' lang='grc' dir='ltr'><em>κ</em></span> 
     </span>
    </p>
   </div>
   <div class='ocr_carea' id='block_1_6' title="bbox 195 2978 310 2981">
    <p class='ocr_par' dir='ltr' id='par_1_26' title="bbox 195 2978 310 2981">
     <span class='ocr_line' id='line_1_38' title="bbox 195 2978 310 2981; baseline 0 0"><span class='ocrx_word' id='word_1_211' title='bbox 195 2978 310 2981; x_wconf 95' lang='lat' dir='ltr'> </span> 
     </span>
    </p>
   </div>
   <div class='ocr_carea' id='block_1_7' title="bbox 314 2979 461 2982">
    <p class='ocr_par' dir='ltr' id='par_1_27' title="bbox 314 2979 461 2982">
     <span class='ocr_line' id='line_1_39' title="bbox 314 2979 461 2982; baseline 0 0"><span class='ocrx_word' id='word_1_212' title='bbox 314 2979 461 2982; x_wconf 95' lang='lat' dir='ltr'> </span> 
     </span>
    </p>
   </div>
   <div class='ocr_carea' id='block_1_8' title="bbox 185 2995 665 3043">
    <p class='ocr_par' dir='ltr' id='par_1_28' title="bbox 185 2995 665 3043">
     <span class='ocr_line' id='line_1_40' title="bbox 185 2995 665 3043; baseline 0.01 -13"><span class='ocrx_word' id='word_1_213' title='bbox 185 2997 330 3032; x_wconf 77' lang='lat' dir='ltr'>NUNki.</span> <span class='ocrx_word' id='word_1_214' title='bbox 379 3003 432 3038; x_wconf 66' lang='lat'>22)</span> <span class='ocrx_word' id='word_1_215' title='bbox 458 3002 585 3043; x_wconf 87' lang='lat' dir='ltr'>signum</span> <span class='ocrx_word' id='word_1_216' title='bbox 616 2995 665 3035; x_wconf 82' lang='lat'>&#39;&#39;.</span> 
     </span>
    </p>
   </div>
   <div class='ocr_carea' id='block_1_9' title="bbox 1593 2755 1722 2799">
    <p class='ocr_par' dir='ltr' id='par_1_29' title="bbox 1593 2755 1722 2799">
     <span class='ocr_line' id='line_1_41' title="bbox 1593 2755 1722 2799; baseline -0.008 -5"><span class='ocrx_word' id='word_1_217' title='bbox 1593 2755 1722 2799; x_wconf 72' lang='lat' dir='ltr'>iunxi,</span> 
     </span>
    </p>
   </div>
   <div class='ocr_carea' id='block_1_10' title="bbox 1930 365 2056 400">
    <p class='ocr_par' dir='ltr' id='par_1_30' title="bbox 1930 365 2056 400">
     <span class='ocr_line' id='line_1_42' title="bbox 1930 365 2056 400; baseline -0.008 0"><span class='ocrx_word' id='word_1_218' title='bbox 1930 365 1998 400; x_wconf 82' lang='lat' dir='ltr'>Col.</span> <span class='ocrx_word' id='word_1_219' title='bbox 2023 365 2056 399; x_wconf 92' lang='grc' dir='ltr'>ΙΙ.</span> 
     </span>
    </p>
   </div>
   <div class='ocr_carea' id='block_1_11' title="bbox 1943 1062 1979 1083">
    <p class='ocr_par' dir='ltr' id='par_1_31' title="bbox 1943 1062 1979 1083">
     <span class='ocr_line' id='line_1_43' title="bbox 1943 1062 1979 1083; baseline 0 0"><span class='ocrx_word' id='word_1_220' title='bbox 1943 1062 1979 1083; x_wconf 90' lang='lat'>10</span> 
     </span>
    </p>
   </div>
   <div class='ocr_carea' id='block_1_12' title="bbox 1943 1446 1978 1478">
    <p class='ocr_par' dir='ltr' id='par_1_32' title="bbox 1943 1446 1978 1478">
     <span class='ocr_line' id='line_1_44' title="bbox 1943 1446 1978 1478; baseline 0 0"><span class='ocrx_word' id='word_1_221' title='bbox 1943 1446 1978 1478; x_wconf 81' lang='lat'>¹5</span> 
     </span>
    </p>
   </div>
  </div>
 </body>
</html>
