2190 3246
169 179 269 221 mihi
300 178 485 227 donavit,

169 271 326 311 magno
358 270 455 296 meo
485 256 711 310 ingenioff)
770 249 785 294 J

167 369 367 377 ······

168 412 352 453 artifices

168 490 364 530 sollertes

169 567 369 608 arcessivi
402 574 445 607 et

168 678 174 685 .
207 679 214 686 .
245 678 252 685 .
283 645 553 697 decempeda

169 737 342 763 mensus
373 735 467 762 sum

169 814 401 841 mensuras.

167 877 408 918 Architecti

167 955 307 1009 primo

167 1032 246 1074 z'ble’A

167 1116 409 1151 statuerunt

171 1187 388 1236 terminos,

168 1265 324 1306 deinde
355 1266 463 1305 deos
494 1253 660 1314 Samni,

166 1342 383 1384 Rammdn
414 1349 457 1383 et
484 1343 680 1384 Mardus&

168 1420 414 1475 consului(?)
446 1427 489 1461 et

167 1497 421 1539 intrinsecus

167 1685 366 1693 ......
393 1666 615 1693 mensuras

167 1730 234 1770 dei
266 1731 409 1785 magni
437 1731 613 1771 decreto

168 1807 258 1848 dies
290 1807 454 1849 futuros
485 1808 743 1862 respiciente

168 1887 491 1928 constituerunt.

165 1964 277 2005 Arte

168 2041 489 2091 exorcistarum,

894 82 1161 123 -13„

1913 288 1954 310 20

1920 1432 1959 1466 35

1918 1819 1962 1848 40

171 2119 382 2172 sapientia
413 2121 593 2160 deorum
625 2104 693 2160 Ea
724 2126 767 2160 et
796 2120 992 2161 Marduk

169 2196 313 2238 locum
342 2196 458 2237 illum

168 2274 349 2328 purgavi
381 2281 425 2315 et

166 2352 208 2392 in
239 2352 406 2393 inferno
438 2359 614 2393 aeterno

1918 2211 1959 2244 45

166 2430 294 2484 posui
325 2430 573 2484 primarium
605 2430 694 2470 eius
725 2430 923 2484 lapidem.

167 2508 349 2556 Aurum,
381 2514 618 2561 argentum,
650 2508 815 2561 lapides
846 2508 1005 2549 montis

167 2592 211 2626 et
240 2585 367 2626 maris

166 2662 421 2716 inzaedificii
452 2662 734 2704 fundamento

168 2740 324 2781 diffudi.

246 2850 253 2858 .
283 2817 546 2872 splendidos,

1921 2610 1961 2643 50

172 2930 222 2970 19]
247 2912 587 2964 KA.AZAG.GAL.
638 2930 692 2967 20]
718 2932 759 2962 B:
786 2935 831 2963 tu.
876 2930 930 2967 ω)
955 2931 998 2962 Β;
1025 2931 1092 2964 tim.
1147 2931 1200 2963 22]
1227 2931 1270 2962 ss:
1299 2928 1447 2961 men-522.
1497 2936 1550 2968 23)
1580 2927 1792 2969 numi<
1820 2927 1839 2958 i.
1867 2938 1892 2958 e.

166 2986 257 3017 ahnu
281 2987 382 3019 abnu.
431 2986 485 3030 24)
510 2988 660 3020 SA.TU.
708 2985 763 3028 25)
790 2987 830 3018 B:
855 2986 904 3020 522.
953 2988 1007 3029 26)
1033 2988 1076 3019 B:
1103 2998 1167 3020 ma.
