2190 3246
181 282 535 292 ··········

182 327 281 367 mihi
308 326 534 367 commisit.

181 405 228 444 In
257 404 330 457 pio
362 418 460 444 meo
493 418 627 456 regno
658 403 756 443 huic
786 402 952 456 templo

179 481 378 522 Alardztk
409 480 768 521 clementissimus
800 479 904 520 favit

184 565 226 598 et
257 544 423 607 S'a712a5,
454 558 584 598 iudex
615 557 825 606 excelsus,

180 635 281 675 illud
312 635 428 676 refici
457 635 591 683 iussit3

183 713 293 761 mihi,
325 712 498 766 pastori,
531 712 601 765 qui
634 725 708 751 eos
740 718 969 759 reveretur,

181 790 285 829 illud
316 790 632 830 aedificandum
655 789 909 828 detulerunt.

182 867 390 907 Veterem
422 867 510 906 eius
542 866 829 905 fundatoriam
860 866 1053 906 tabulam
1084 866 1274 918 quaesivi
1307 874 1348 906 et
1380 867 1561 920 repperi,

183 957 343 983 nomen
374 945 481 983 deae
511 941 1058 990 NJNKARRAAGA,

183 1020 349 1060 incolae
380 1020 531 1073 templi
564 1005 812 1059 amm

183 1173 225 1213 in
257 1188 306 1213 ea
339 1174 697 1227 conspiciebatur.

184 1250 325 1303 Super
354 1251 423 1291 illa
452 1259 599 1291 vetere
630 1251 873 1291 fundatoria
904 1251 1052 1292 tabula

184 1328 310 1381 posui
341 1328 429 1367 eius
460 1328 787 1368 fundamentum
818 1336 861 1369 et

184 1406 293 1445 deae
323 1405 868 1454 NAEQKARRAAGA,

184 1481 396 1530 dominae,
429 1496 540 1535 quae
571 1497 640 1523 me
671 1483 815 1537 diligit,

184 1559 370 1598 animam
402 1574 544 1600 meam
575 1561 775 1614 protegit,

184 1636 425 1688 perfectam
456 1636 556 1677 facit
587 1638 755 1690 prolem
787 1652 940 1687 meam,

187 1698 441 1761 EL'LLA,
473 1714 562 1753 eius
593 1714 816 1768 templum,
849 1717 967 1768 quod
1000 1722 1066 1755 est
1095 1715 1137 1754 in
1168 1716 1274 1755 urbe
1306 1716 1500 1769 Sippara,

184 1791 327 1830 denuo
359 1791 591 1840 aedificavi,

186 1868 401 1908 cotidiana
433 1868 520 1908 eius
552 1869 759 1909 sacrificia
789 1870 1010 1909 abundare
1041 1869 1121 1909 feci

187 1952 230 1985 et
259 1946 520 1986 voluntarias
553 1947 641 1986 eius
673 1947 916 1987 oblationes
946 1946 1116 1986 institui.

187 2022 227 2062 O
258 2023 340 2062 dea
370 2023 920 2072 NJAJ'KARRAAGA,
952 2024 1127 2064 domina
1158 2025 1341 2073 excelsa,

188 2099 356 2152 respice
387 2114 485 2139 cum
515 2102 672 2154 gaudio
706 2116 816 2155 opus
848 2115 1052 2142 manuum
1085 2116 1277 2142 mearum

189 2183 232 2216 et
261 2176 337 2225 fac,
369 2177 439 2230 pia
469 2192 566 2218 mea
595 2179 708 2219 facta
738 2179 1007 2219 inveniantur
1036 2180 1077 2219 in
1108 2180 1228 2220 labiis
1260 2181 1351 2220 tuis.

188 2254 335 2294 Vitam
366 2254 699 2308 longinquorum
730 2257 905 2306 dierum,
936 2257 1243 2297 abundantiam
1275 2258 1446 2306 subolis,

188 2331 416 2371 sanitatem
447 2332 641 2385 corporis
673 2340 715 2373 et
745 2334 949 2374 laetitiam
981 2335 1108 2374 animi

189 2409 243 2448 da
274 2410 409 2449 dono!

190 2485 347 2526 Coram
379 2486 470 2526 deis
501 2475 657 2527 gamas*
687 2494 730 2527 et
760 2488 956 2529 Mardufe

191 2565 323 2603 redde
354 2571 476 2617 grata
506 2578 603 2603 mea
634 2563 746 2604 facta
777 2572 819 2604 et
849 2565 1028 2617 loquere
1058 2566 1244 2619 propitie
1275 2580 1354 2619 pro
1388 2568 1473 2606 me!

1942 729 1980 761 35

1942 1123 1984 1150 40

1943 1508 1982 1539 43

1947 2266 1984 2300 55
