2190 3246
790 415 842 476 C
861 416 922 475 A
942 415 985 474 Ρ
1004 414 1065 475 U
1085 413 1142 472 T
1195 413 1240 472 I.

887 530 1121 577 VERSIO.

156 802 253 841 Deo
283 799 492 847 Marduk,
525 811 683 850 magno
716 794 904 842 domino,

156 877 332 918 domino
363 877 555 923 deorum,
586 872 767 927 potenti,

157 954 308 995 fautori
339 955 518 993 deorum
548 952 678 1005 Igzsgi,

155 1030 351 1072 vexatori
382 1031 562 1070 deorum
594 1029 833 1076 Ammnaki,

157 1108 303 1149 lumini
334 1109 527 1156 deorum,
558 1113 729 1161 patrum
761 1119 948 1152 suorum,

154 1185 321 1227 incolae
353 1170 546 1239 Esagda,

156 1263 332 1304 domino
364 1261 610 1315 Babylonia
643 1275 741 1302 meo
773 1259 964 1307 domino,

157 1340 493 1393 Nabopolassar,

159 1424 300 1458 rector
330 1416 577 1469 Babylonis,

161 1509 237 1535 rex
267 1494 490 1536 Sumeriae

160 1579 203 1612 et
231 1571 463 1620 Accadiae,

159 1655 376 1702 augustus,
401 1648 605 1698 sublimis⁷

160 1726 347 1767 directus
379 1739 509 1766 manu
540 1726 720 1765 deorum
752 1725 878 1765 Nabsa

159 1810 201 1844 et
231 1804 437 1852 Marduk,
472 1803 476 1807 ’

157 1880 336 1929 humilis,
367 1880 617 1929 submissus,

159 1958 276 1999 cuius
309 1972 430 1998 mens
461 1964 579 1998 metu
610 1957 677 1997 dei
711 1963 753 1997 et
783 1958 891 1996 deae

158 2035 323 2075 imbuta
353 2042 428 2084 est,

160 2118 335 2152 ornator
363 2097 546 2166 Esagz'la
577 2118 620 2153 et
651 2096 799 2160 Esida,

160 2203 370 2242 quaerens
402 2222 598 2230 ......

160 2280 415 2320 magnorum
447 2267 637 2316 deorum,
666 2282 761 2307 sum
793 2281 886 2321 ego.
918 2292 969 2295 —

161 2344 268 2385 Cum
299 2343 414 2383 iussu

159 2422 340 2462 deorum
370 2420 495 2462 Nabfc
527 2428 570 2462 et
598 2422 806 2471 Marduk,

158 2505 400 2539 amatorum
432 2498 550 2552 regni
581 2498 675 2548 mei,

159 2582 202 2617 et
230 2576 372 2616 valido
405 2576 492 2617 telo

159 2654 350 2707 potentis
381 2654 449 2694 dei
487 2654 618 2696 Girra

159 2730 333 2772 fulmine
363 2731 631 2785 profligantis
660 2732 808 2773 hostes
840 2746 962 2773 meos

158 2807 439 2850 Subarienses
470 2809 551 2849 sub
581 2809 727 2863 iugum
759 2809 916 2863 redegi,

159 2891 316 2925 terram
345 2886 453 2927 verti

158 2997 248 3039 quod
270 2997 389 3039 legitur
413 2998 455 3030 Sb
481 2999 554 3031 262.
605 2999 636 3040 7)
664 2998 792 3040 signum
817 2998 916 3030 ardu.
966 2997 996 3040 8)
1023 2999 1064 3030 B:
1092 2999 1155 3031 lab.

1908 796 1976 831 Col.
2003 796 2021 830 Ι.

1914 1508 1952 1530 10

1908 2286 1949 2307 20

1906 2667 1946 2700 25
