2190 3246
618 653 1349 739 PRAEFATIO.

263 904 475 950 Conatus
514 919 618 949 sum
666 902 757 948 hoc
801 899 957 947 libello
998 900 1410 947 Nebucadnezaris
1463 909 1511 945 et
1555 898 1852 961 Nabopolas-

119 1008 255 1063 saris,
311 1007 455 1070 patris
507 1006 622 1062 eius,
679 1005 1068 1067 inscriptionibus,
1126 1021 1248 1066 quae
1293 1004 1356 1050 ad
1407 1002 1621 1050 aedificia
1665 1002 1726 1048 ab
1771 1002 1851 1049 illis

120 1122 360 1159 exstructa
403 1111 650 1174 pertinent,
697 1108 901 1156 collectis
947 1125 1002 1155 ac
1047 1108 1284 1171 dispositis
1324 1125 1465 1171 quam
1505 1108 1853 1155 accuratissime

118 1227 333 1264 veterem
377 1215 669 1278 Babylonem
715 1214 999 1271 describere,
1045 1213 1169 1259 cuius
1215 1223 1263 1259 et
1307 1211 1603 1275 pulchritudo
1644 1223 1692 1259 et
1723 1229 1853 1275 mag-

120 1321 280 1368 nitudo
332 1321 392 1367 ab
444 1320 641 1382 antiquis
692 1319 885 1366 summis
934 1318 1147 1365 laudibus
1199 1317 1395 1364 effertur
1447 1317 1668 1380 cuiusque
1725 1318 1853 1364 ruina

121 1427 383 1474 etiamnunc
421 1424 639 1487 speciosa
678 1434 762 1471 est.

261 1530 339 1576 De
384 1529 629 1593 Babylone
674 1546 779 1576 cum
824 1528 970 1575 multa
1013 1528 1187 1576 tradita
1232 1544 1339 1574 esse
1383 1527 1648 1581 videantur,
1694 1536 1853 1573 tamen

118 1651 270 1697 pauca
302 1644 432 1681 certa
463 1634 706 1681 habemus.
766 1634 1070 1697 Quamquam
1111 1633 1231 1680 enim
1272 1642 1319 1680 et
1357 1649 1386 1679 a
1424 1631 1623 1679 Graecis
1661 1631 1854 1694 scripto—

118 1739 243 1785 ribus
283 1749 331 1786 et
369 1756 428 1786 ex
468 1739 671 1785 fontibus
710 1737 967 1786 vernaculis
1007 1737 1153 1784 multa
1191 1736 1477 1799 accepinmS‚
1517 1746 1677 1782 tamen
1716 1752 1854 1798 quae-

120 1860 302 1906 cunque
341 1843 403 1890 de
440 1842 551 1890 illius
583 1842 671 1890 loci
703 1854 869 1891 natura
901 1844 1215 1906 proferuntur,
1255 1841 1481 1904 pleraque
1519 1851 1617 1887 tam
1656 1839 1853 1886 difficilia

119 1959 263 2011 atque
295 1947 498 1994 obscura
529 1958 654 2005 sunt,
693 1958 744 1995 ut
775 1948 902 1995 haud
934 1948 1031 1994 scio
1065 1965 1125 1994 an
1162 1946 1307 1994 multa
1339 1946 1494 1993 adhuc
1527 1962 1695 2008 parum
1722 1955 1852 1991 recte

119 2051 353 2100 intellecta
378 2053 479 2100 sint.
538 2052 701 2114 Quare
734 2069 859 2100 nova
897 2053 1176 2116 quaestione
1215 2070 1336 2115 opus
1376 2068 1484 2098 esse
1522 2049 1719 2106 videtur,
1759 2066 1853 2112 qua

119 2173 262 2219 spero
313 2174 391 2204 me
440 2157 649 2204 adiutum
699 2158 890 2204 scientia
940 2175 1096 2205 rerum
1134 2157 1495 2219 Assyriacarum
1546 2155 1635 2201 hac
1692 2165 1852 2201 aetate

120 2261 284 2307 mirum
329 2272 553 2324 quantum
596 2279 858 2327 progressa
902 2262 1119 2310 nonnulla
1163 2261 1237 2310 vel
1282 2278 1407 2309 nova
1445 2261 1737 2307 inventurum
1776 2258 1850 2307 vel

120 2365 289 2412 rectius
330 2366 683 2413 constituturum
723 2384 843 2415 esse.
