2190 3246
138 180 173 220 ei
204 178 389 233 imposui
422 185 464 218 et

138 259 220 298 deo
251 257 455 304 Mardzile,
488 254 663 295 domino
696 266 805 299 meO,
1883 267 1922 299 25

136 337 253 374 dono

136 411 304 452 donavi.

135 488 378 542 Templum,
411 486 627 527 aemulum
659 486 814 524 domus
847 482 1052 529 caelestis,

136 568 177 607 in
207 566 363 620 gaudio

139 651 181 685 et
211 643 370 684 laetitia
1885 643 1925 673 30

137 720 358 761 aedificavi
391 725 433 759 et
463 718 579 758 velut
611 722 805 756 montem

138 798 353 851 fastigium
386 796 474 836 eius

139 874 341 915 exstruxi.

138 953 234 993 Deo
266 951 472 997 lllarduk,
506 947 682 988 domino
716 960 824 993 meo,

141 1036 187 1069 ut
217 1028 368 1082 priscis
399 1026 670 1080 temporibus
1887 1022 1925 1055 35

140 1105 447 1146 admirabiliter

139 1184 241 1223 illud
276 1182 493 1223 exornavi.

140 1260 328 1301 Domine
358 1258 569 1300 Mardum

144 1351 278 1390 opera
308 1351 406 1376 mea

141 1414 318 1467 adspice
350 1427 447 1454 cum
479 1411 638 1452 laetitia
670 1416 711 1450 et
1886 1403 1929 1431 40

142 1491 311 1531 sublimi
342 1497 416 1530 tuo

141 1567 333 1620 imperio,

143 1644 208 1685 cui
240 1643 469 1697 repugnari
501 1656 586 1682 non
618 1648 775 1695 potest,

142 1736 252 1776 opus

141 1799 342 1839 effectum
374 1798 571 1838 manibus
603 1797 707 1836 meis
1887 1784 1927 1815 45

140 1878 264 1917 duret
293 1876 334 1916 in
363 1882 635 1929 perpetuum.

140 1954 271 1994 Velut
301 1954 455 1993 lateres
487 1952 611 1992 turris
644 1937 930 1998 Etememmkz',

146 2031 217 2083 qui
247 2031 355 2070 firmi
387 2037 486 2070 sunt
515 2030 556 2069 in
587 2036 821 2077 aeternum,

143 2108 469 2147 fundamentum
500 2107 641 2147 throni
674 2107 755 2146 mei
786 2106 976 2147 stabilias

145 2185 185 2224 in
217 2184 503 2225 remotissima
533 2191 742 2238 tempora.
1891 2165 1932 2197 50

141 2262 180 2302 O
214 2247 498 2310 Elemenankz',
539 2262 636 2315 regi,

142 2339 417 2379 restauratori
448 2346 533 2387 tuo,
566 2339 670 2380 fave.

142 2416 250 2457 Cum
280 2417 477 2457 stlat-dulc

141 2494 181 2533 in
213 2493 371 2534 laetitia

141 2572 337 2611 considet
1892 2545 1929 2577 55

139 2647 180 2687 in
212 2655 264 2697 te,

142 2738 167 2764 Ο
190 2726 412 2779 templum,
445 2727 498 2765 ad
522 2726 651 2765 deum
674 2727 879 2774 Mardzde,
908 2726 1131 2766 dominum
1156 2740 1311 2772 meum,

141 2802 321 2854 gratiam

143 2893 223 2931 pro
256 2894 325 2920 me
357 2880 546 2933 loquere.

140 2970 195 3005 40)
221 2969 245 2998 B
254 2981 259 3000 :
286 2969 450 3009 dcl-›ni-ile-
455 2971 520 3003 (im.
