2190 3246
146 169 186 210 in
217 169 276 209 eis
306 167 385 209 feci
417 180 572 220 capere
1892 192 1933 223 70

146 247 328 287 sublime
359 258 481 284 suum
514 242 786 284 domicilium.
817 266 866 270 -

148 323 303 364 Curam
333 321 596 374 templorum
628 305 811 373 Esagila
842 325 885 358 et
916 303 1063 365 Esida,

145 398 470 440 renovationem
501 396 737 450 Babylonis
769 403 811 436 et
843 395 1092 448 Borsippae,

146 491 253 530 quas
285 476 421 530 magis
453 489 582 528 quam
614 480 741 514 antea
771 487 976 513 auxeram

145 561 188 595 et
217 555 271 594 ad
302 567 514 593 summam
546 551 855 605 perfectionem
888 551 1187 603 perduxeram,
1898 568 1934 600 75

145 631 473 672 adornationem
505 629 767 682 templorum
800 628 980 667 deorum
1012 640 1277 680 magnorum,

146 723 275 762 quam
306 708 441 761 magis
473 721 602 760 quam
633 720 767 759 reges,
799 711 944 758 patres
976 704 1068 753 mei,
1100 702 1349 757 propagavi,

146 786 289 826 omnia
319 799 416 825 mea
446 783 618 838 egregia
648 797 782 836 opera

143 864 185 904 in
215 863 361 904 tabula
390 862 539 915 scripsi
1896 866 1965 902 Col.
1991 865 2035 900 ΙΙΙ.

146 948 188 981 et
218 940 431 981 reservavi
461 940 501 979 in
532 938 732 978 futurum.

145 1018 303 1059 Omnia
333 1031 429 1057 mea
460 1030 602 1070 opera,

145 1109 255 1148 quae
286 1094 328 1135 in
358 1094 505 1135 tabula
534 1092 694 1146 scripsi,

144 1173 277 1213 homo
309 1173 499 1226 prudens
529 1171 644 1224 legat
1924 1173 1939 1205 5

145 1251 414 1302 deorumque
445 1248 716 1288 sublimitatis
749 1247 801 1287 sit
833 1260 1010 1286 memor.
1041 1271 1092 1275 —-

144 1326 507 1367 Aedificationem
538 1325 707 1366 urbium
740 1327 919 1365 deorum
947 1330 989 1364 et
1020 1324 1207 1371 dearum,

146 1418 276 1457 quam
308 1418 489 1457 magnus
520 1403 719 1443 dominus
751 1403 947 1443 splardnk

146 1481 246 1521 mihi
277 1480 508 1529 mandavit,

145 1560 200 1598 ad
231 1572 361 1611 quam
393 1557 558 1597 animus
590 1572 711 1597 meus
741 1571 810 1597 me
840 1556 1039 1603 incitavit,
1905 1556 1942 1579 ¹0

144 1635 186 1674 in
216 1634 430 1674 submissa
461 1634 708 1682 reverentia,
740 1634 830 1674 sine
861 1648 981 1674 mora

147 1712 392 1765 complebo.
435 1736 485 1740 —

145 1789 221 1830 Illo
253 1796 453 1842 tempore
485 1774 744 1837 EULLA,
776 1788 987 1841 templum
1020 1790 1127 1828 deae
1158 1788 1702 1837 NINA'AR.RAAGA,

148 1868 266 1920 quod
299 1874 363 1907 est
393 1867 435 1906 in
467 1866 650 1920 Sippara
680 1866 797 1914 urbe,

148 1945 266 1985 cuius
297 1945 396 1984 inde
427 1959 451 1984 a
481 1943 631 1997 priscis
662 1943 814 1983 diebus
1906 1948 1940 1980 15

151 2029 193 2062 et
223 2022 343 2062 annis
375 2021 445 2061 diu
477 2020 716 2074 praeteritis

149 2101 306 2140 domus
338 2113 425 2139 non
456 2098 682 2152 diligenter
713 2099 950 2146 curabatur,

147 2176 340 2229 picturae
372 2183 574 2216 ornantes
605 2176 830 2229 perierant,

148 2254 265 2294 cuius
297 2254 402 2294 fines
433 2253 609 2307 agnosci
642 2267 727 2293 non
759 2259 970 2306 poterant,

148 2332 276 2384 quod,
305 2331 481 2384 pulvere
512 2337 686 2379 tectum,
1902 2343 1942 2365 20

148 2423 231 2448 una
257 2423 353 2449 cum
385 2408 557 2462 templis
589 2410 769 2448 deorum
801 2422 887 2448 non
919 2409 1230 2457 nominabatur,

148 2486 410 2527 cotidianum
441 2485 693 2526 sacrificium
726 2493 970 2526 cessaverat

148 2578 228 2604 nec
259 2564 342 2603 iam
375 2563 809 2611 commemorabatur,

148 2641 387 2682 voluntaria
417 2640 578 2680 oblatio
610 2640 794 2681 desierat
826 2665 873 2669 -

150 2719 352 2772 quoniam
384 2718 490 2758 vesti
522 2718 590 2758 dei
622 2718 826 2766 Ailardnk,
858 2718 1018 2758 domini
1050 2719 1142 2767 mei,
1901 2726 1939 2758 25

150 2809 324 2836 manum
355 2796 568 2835 submisse
599 2795 743 2843 infero,

149 2873 354 2921 lWarduk,
386 2873 586 2913 dominus
618 2887 748 2920 meus,
780 2886 849 2912 me
881 2873 1008 2926 elegit
1039 2879 1081 2913 et
